@InProceedings{Wang:2011,
  author = 	 {Z. Wang and B. Fan and F. Wu},
  title = 	 {Local Intensity Order Pattern for Feature Description},
  booktitle = {ICCV},
  pages = 	 {},
  year = 	 {2011}
}

@article{SimVedZis:2014,
  title = "Learning Local Feature Descriptors Using Convex Optimisation",
  author = "K. Simonyan and A. Vedaldi and A. Zisserman",
  journal = "IEEE PAMI",
  year = "2014", 
  volume = "36", 
  number = "8", 
  OPTpages = "1627--1645"
}

@InProceedings{AraZis:2012,
  author = 	 {R. Arandjelovic and A. Zissermann},
  title = 	 {Three things everyone should know to improve object retrieval},
  booktitle = {CVPR},
  pages = 	 {},
  year = 	 {2012}
}

@InProceedings{LanKam:2011,
  author = 	 {J. Lankinen and J.-K. Kamarainen},
  title = 	 {Local Feature Based Unsupervised Alignment of Object Class Images},
  booktitle = {BMVC},
  pages = 	 {},
  year = 	 {2011}
}

@article{FelGirMca:2010,
  title = "Object Detection with Discriminatively Trained Part Based Models",
  author = "Felzenszwalb, P. F. and Girshick, R. B. and McAllester, D. and Ramanan, D.",
  journal = "IEEE PAMI",
  year = "2010", 
  volume = "32", 
  number = "9", 
  OPTpages = "1627--1645"
}

@InProceedings{KriSutHin:2012,
  author = 	 {A. Krizhevsky and I. Sutskever and G.E. Hinton},
  title = 	 {{I}mage{N}et Classification with Deep Convolutional Neural Networks},
  booktitle = {NIPS},
  year = 	 {2012}
}

@InProceedings{KinKamLen:2010,
  author = 	 {T. Kinnunen and J.-K. Kamarainen and L. Lensu and J. Lankinen and H. K{\"a}lvi{\"a}inen},
  title = 	 {Making Visual Object Categorization More Challenging: Randomized {C}altech-101 Data Set},
  booktitle = {20th Int. Conf. on Pattern Recognition ({ICPR2010})},
  year = 	 {2010}
}

@inproceedings{BoiSheIra:2008,
	author = {O. Boiman and E. Shechtman and M. Irani},
	title = {In Defence of Nearest-Neighbor Based Image Classification},
	booktitle = {CVPR},
	year = {2008}
}

@inproceedings{JurTri:2005,
	author = {F. Jurie and B. Triggs},
	title = {Creating Efficient Codebooks for Visual Recognition},
	booktitle = {ICCV},
	year = {2005}
}

@inproceedings{SivZis:2003,
	author = {J. Sivic and A. Zisserman},
	title = {Video Google: A Text Retrieval Approach to Object Matching in Videos},
	booktitle = {ICCV},
	year = {2003}
}

@inproceedings{CsuDanWil:2004,
	author = {G. Csurka and C. Dance and J. Willamowski and L. Fan and C. Bray},
	title = {Visual categorization with bags of keypoints},
	booktitle = {ECCV Workshop on Statistical Learning in Computer Vision},
	year = {2004}
}

@InProceedings{ChaLemVed:2011,
  author = 	 {K. Chatfield and V. Lempitsky and A. Vedaldi and A. Zisserman},
  title = 	 {The devil is in the details: an evaluation of recent feature encoding methods},
  booktitle = {BMVC},
  year = 	 {2011}
}

@InProceedings{RusDenHua:2013,
  author = 	 {Olga Russakovsky and Jia Deng and Zhiheng Huang and Alexander C. Berg and Li Fei-Fei},
  title = 	 {Detecting avocados to zucchinis: what have we done, and where are we going?},
  booktitle = {ICCV},
  year = 	 {2013}
}

@InProceedings{VonKhoMal:2013,
  author = 	 {Vondrick, C. and Khosla, A. and Malisiewicz, T. and Torralba, A.},
  title = 	 {{HOG}gles: Visualizing Object Detection Features},
  booktitle = {ICCV},
  year = 	 {2013}
}

@InProceedings{freak,
  author = 	 {A. Alahi and R. Ortiz and P. Vandergheynst},
  title = 	 {{FREAK}: Fast Retina Keypoint},
  booktitle = {CVPR},
  year = 	 {2012}
}

@InProceedings{orb,
  author = 	 {E. Rublee and V. Rabaud and K. Konolige and G. Bradski},
  title = 	 {{ORB}: an efficient alternative to {SIFT} or {SURF}},
  booktitle = {ICCV},
  year = 	 {2011}
}

@InProceedings{brisk,
  author = 	 {S. Leutenegger and M. Chli and R.Y. Siegwart},
  title = 	 {{BRISK}: Binary Robust Invariant Scalable Keypoints},
  booktitle = {ICCV},
  year = 	 {2011}
}

@InProceedings{brief,
  author = 	 {M. Calonder and V. Lepetit and C. Strecha and P. Fua},
  title = 	 {{BRIEF}: Binary Robust Independent Elementary Features},
  booktitle = {ECCV},
  year = 	 {2010}
}

@misc{VOC:2011,
	author = {M. Everingham and L. Van~Gool and C.K.I Williams and J. Winn and A. Zisserman},
	title = {The {PASCAL} {V}isual {O}bject {C}lasses {C}hallenge 2011 {(VOC2011)} {R}esults},
	howpublished = {http://www.pascal-network.org/challenges/VOC/voc2011/workshop/index.html},
	year = {2011},

}

@Article{RosPorDru:2010,
  author = 	 {E. Rosten and R. Porter and T. Drummond},
  title = 	 {Faster and better: A machine learning approach to corner detection},
  journal = 	 {IEEE-PAMI},
  year = 	 {2010},
  OPTkey = 	 {},
  volume = 	 {32},
  OPTnumber = 	 {},
  pages = 	 {105--119}
}


@inproceedings{imagenet,
        AUTHOR = {Deng, J. and Dong, W. and Socher, R. and Li, L.-J. and Li, K. and Fei-Fei, L.},
        TITLE = {{ImageNet: A Large-Scale Hierarchical Image Database}},
        BOOKTITLE = {CVPR},
        YEAR = {2009}
}

@Article{EveGooWil:2010,
  author       = "Everingham, M. and Van~Gool, L. and Williams, C.~K.~I. and Winn, J. and Zisserman, A.",
  title        = "The {PASCAL Visual Object Classes (VOC)} Challenge",
  journal      = "Int J Comput Vis",
  number       = "2",
  volume       = "88",
  OPTpages        = "303--338",
  year         = "2010",
  OPTurl          = "http://marcade.robots.ox.ac.uk:8080http://marcade.robots.ox.ac.uk:8080/~vgg/publications/2010/Everingham10"
}	

@techreport{Caltech256,
	author = {G. Griffin and A. Holub and P. Perona},
	title = {Caltech-256 Object Category Dataset},
	institution = {California Institute of Technology},
	year = {2007},
	number = {7694},
	url = {http://authors.library.caltech.edu/7694}
}

@article{WisFelKru:1997,
  author        = {L. Wiskott and J.-M. Fellous and N. Kr{\"u}ger and C. von~der~Malsburg},
  title         = {Face Recognition by Elastic Bunch Graph Matching},
  journal       = {IEEE PAMI},
  volume        = {19},
  year          = {1997},
  OPTpages      = {775-779}
}

@article{HamKitKam:2005,
  Author  ={M. Hamouz and J. Kittler and J.-K. Kamarainen and P. Paalanen and H. K{\"a}lvi{\"a}inen and J. Matas} ,
  Title   ={Feature-based affine-invariant localization of faces },
  Journal ={IEEE PAMI},
  Year    ={2005},
  Number  = {9},
  Volume  = {27}
}

@InProceedings{LanKanKam:2012,
  author = 	 {J. Lankinen and V. Kangas and J.-K. Kamarainen},
  title = 	 {A comparison of local feature detectors and descriptors for visual object categorization by intra-class repeatability and matching},
  booktitle = {21th Int. Conf. on Pattern Recognition ({ICPR2012})},
  year = 	 {2012},
  OPTaddress = 	 {Tsukuba Science City, Japan},
  OPTnote = 	 {\framebox{Selected} \url{http://personal.lut.fi/users/joni.kamarainen/downloads/publications/icpr2012_interestpoints.pdf}},
  OPTcomment = 	 {<a href="http://personal.lut.fi/users/joni.kamarainen/downloads/publications/icpr2012_interestpoints.pdf">[pdf]</a>}
}

@Article{AgaTri:2008,
  author = 	 {A. Agarwal and B. Triggs},
  title = 	 {Multilevel image coding with hyperfeatures},
  journal = 	 {Int J Comput Vis},
  year = 	 {2008},
  OPTkey = 	 {},
  volume = 	 {78},
  number = 	 {1},
  OPTpages = 	 {},
  OPTmonth = 	 {},
  OPTnote = 	 {},
  OPTannote = 	 {}
}

@Article{BayEssTuy:2008,
  author =  {H. Bay and A. Ess and T. Tuytelaars and L. Van~Gool},
  title =  {SURF: Speeded Up Robust Features},
  journal =  {Computer Vision and Image Understanding (CVIU)},
  year = 	 {2008},
  OPTkey = 	 {},
  volume = 	 {110},
  number = 	 {3},
  pages = 	 {346--359},
  OPTmonth = 	 {},
  OPTnote = 	 {},
  annote = 	 {}
}
@InProceedings{BroLow:2003,
  author = 	 {M. Brown and D. Lowe},
  title = 	 {Recognising panoramas},
  OPTcrossref =  {},
  OPTkey = 	 {},
  booktitle = {ICCV},
  pages = 	 {1218--1227},
  year = 	 {2003},
  OPTeditor = 	 {},
  OPTvolume = 	 {},
  OPTnumber = 	 {},
  OPTseries = 	 {},
  OPTaddress = 	 {},
  OPTmonth = 	 {},
  OPTorganization = {},
  OPTpublisher = {},
  OPTnote = 	 {},
  OPTannote = 	 {}
}


@Article{FeiFerPer:2006,
 author = {L. Fei-Fei and R. Fergus and P. Perona},
 title = {One-Shot Learning of Object Categories},
 journal = {IEEE PAMI},
 volume = {28},
 number = {4},
 year = {2006},
 pages = {594}
 }

@Book{HarZis:2003,
  author = 	 {Richard Hartley and Andrew Zisserman},
  ALTeditor = 	 {},
  title = 	 {Multiple View Geometry in computer vision},
  publisher = 	 {Cambridge press},
  year = 	 {2003},
  OPTkey = 	 {},
  OPTvolume = 	 {},
  OPTnumber = 	 {},
  OPTseries = 	 {},
  OPTaddress = 	 {},
  OPTedition = 	 {},
  OPTmonth = 	 {},
  OPTnote = 	 {},
  OPTannote = 	 {}
}


@Article{LeiEttSch:2008,
  author = 	 {B. Leibe and A. Ettlin and B. Schiele},
  title = 	 {Learning semantic object parts for object categorization},
  journal = 	 {Image and Vision Computing},
  year = 	 {2008},
  OPTkey = 	 {},
  volume = 	 {26},
  OPTnumber = 	 {},
  pages = 	 {15--26},
  OPTmonth = 	 {},
  OPTnote = 	 {},
  OPTannote = 	 {}
}


@InProceedings{Low:2004,  
  author = { D.G. Lowe},
  title = {Distinctive image features from scale-invariant keypoints},
  booktitle = {Int J Comput Vis},
  volume = {60},
  number = {2},
  pages = {91--110},
  year = {2004}
}

@InProceedings{MatChuUrb:2002,
  author = { J. Matas. and O. Chum and M. Urban and T. Padja },
  title = { Robust wide baseline stereo from maximally stable extremal regions },
  booktitle = {BMVC},
  year = { 2002 }
}

@InProceedings{MikLeiSch:2005,
  author = 	 {K. Mikolajczyk and B. Leibe and B. Schiele},
  title = 	 {Local Features for Object Class Recognition},
  OPTcrossref =  {},
  OPTkey = 	 {},
  booktitle = {CVPR},
  OPTpages = 	 {},
  year = 	 {2005},
  OPTeditor = 	 {},
  OPTvolume = 	 {},
  OPTnumber = 	 {},
  OPTseries = 	 {},
  OPTaddress = 	 {},
  OPTmonth = 	 {},
  OPTorganization = {},
  OPTpublisher = {},
  OPTnote = 	 {},
  OPTannote = 	 {}
}

@InProceedings{MikLeiSch:2006,
  author = 	 {K. Mikolajczyk and B. Leibe and B. Schiele},
  title = 	 {Multiple Object Class Detection with a Generative Model},
  OPTcrossref =  {},
  OPTkey = 	 {},
  OPTbooktitle = {Proc. of the IEEE Comp. Soc. Conf. on Computer Vision and Pattern Recognition},
  booktitle = {CVPR},
  pages = 	 {26--36},
  year = 	 {2006},
  OPTeditor = 	 {},
  OPTvolume = 	 {},
  OPTnumber = 	 {},
  OPTseries = 	 {},
  OPTaddress = 	 {},
  OPTmonth = 	 {},
  OPTorganization = {},
  OPTpublisher = {},
  OPTnote = 	 {},
  OPTannote = 	 {}
}

@InProceedings{MikSch:2002,
  author = { K. Mikolajczyk and C. Schmid }, 
  title = { An Affine Invariant Interest Point Detector }, 
  booktitle = {ECCV}, 
  year = { 2002 } 
}

@Article{MikSch:2005,
  author = 	 {K. Mikolajczyk and C. Schmid},
  title = 	 {A performance evaluation of local descriptors},
  journal = 	 {IEEE PAMI},
  year = 	 {2005},
  OPTkey = 	 {},
  volume = 	 {27},
  number = 	 {10},
  pages = 	 {1615--1630},
  OPTmonth = 	 {},
  OPTnote = 	 {}
}


@Article{MikTuySch:2005,
  author = 	 {K. Mikolajczyk and T. Tuytelaars and and C. Schmid and A. Zisserman and J. Matas and F. Schaffalitzky and T. Kadir and L. Van~Gool},
  title = 	 {A Comparison of Affine Region Detectors},
  journal = 	 {Int J Comput Vis},
  year = 	 {2005},
  OPTkey = 	 {},
  volume = 	 {65},
  number = 	 {1/2},
  pages = 	 {43--72},
  OPTmonth = 	 {},
  OPTnote = 	 {},
  annote = 	 {Good framework for comparison (code available online)}
}

@InProceedings{NowJurTri:2006,
  author = 	 {E. Nowak and F. Jurie and B. Triggs},
  title = 	 {Sampling Strategies for Bag-of-Features Image Classification},
  OPTcrossref =  {},
  OPTkey = 	 {},
  booktitle = {ECCV},
  OPTpages = 	 {},
  year = 	 {2006}
}

@InProceedings{SeLowLit:2002,
  author = 	 {S. Se and D. Lowe and J. Little},
  title = 	 {Global localization using distinctive visual features},
  OPTcrossref =  {},
  OPTkey = 	 {},
  booktitle = {Int'l Conf. of Intelligent Robots and Systems},
  pages = 	 {226--231},
  year = 	 {2002},
  OPTeditor = 	 {},
  OPTvolume = 	 {},
  OPTnumber = 	 {},
  OPTseries = 	 {},
  OPTaddress = 	 {},
  OPTmonth = 	 {},
  OPTorganization = {},
  OPTpublisher = {},
  OPTnote = 	 {},
  OPTannote = 	 {}
}

@InProceedings{Tuy:2010,
  author = 	 {T.Tuytelaars},
  title = 	 {Dense Interest Points},
  OPTcrossref =  {},
  OPTkey = 	 {},
  booktitle = {CVPR},
  OPTpages = 	 {},
  year = 	 {2010},
  OPTeditor = 	 {},
  OPTvolume = 	 {},
  OPTnumber = 	 {},
  OPTseries = 	 {},
  OPTaddress = 	 {},
  OPTmonth = 	 {},
  OPTorganization = {},
  OPTpublisher = {},
  OPTnote = 	 {},
  OPTannote = 	 {}
}

@Article{TuyGoo:2004,
  author = 	 {T. Tuytelaars and L. van~Gool},
  title = 	 {Matching widely separated views based on affine invariant regions},
  journal = 	 {Int J Comput Vis},
  year = 	 {2004},
  OPTkey = 	 {},
  volume = 	 {1},
  number = 	 {59},
  OPTpages = 	 {},
  OPTmonth = 	 {},
  OPTnote = 	 {},
  OPTannote = 	 {}
}

@InProceedings{TuySch:2007,
  author = 	 {T. Tuytelaars and C. Schmid},
  title = 	 {Vector quantizing feature space with a regular lattice},
  OPTcrossref =  {},
  OPTkey = 	 {},
  booktitle = {ICCV},
  OPTpages = 	 {},
  year = 	 {2007},
  OPTeditor = 	 {},
  OPTvolume = 	 {},
  OPTnumber = 	 {},
  OPTseries = 	 {},
  OPTaddress = 	 {},
  OPTmonth = 	 {},
  OPTorganization = {},
  OPTpublisher = {},
  OPTnote = 	 {},
  OPTannote = 	 {}
}


@Article{ZhaMarLaz:2006,
  author = 	 {J. Zhang and M. Marszalek and S. Lazebnik and C. Schmid},
  title = 	 {Local Features and Kernels for Classification of Texture and Object Categories: A Comprehensive Study},
  journal = 	 {Int J Comput Vis},
  year = 	 {2006},
  OPTkey = 	 {},
  volume = 	 {73},
  number = 	 {2},
  OPTpages = 	 {},
  OPTmonth = 	 {},
  OPTnote = 	 {},
  OPTannote = 	 {}
}

@Misc{lip-vireo,
  OPTkey = 	 {},
  author = 	 {W. Zhao},
  title = 	 {{LIP-VIREO} Local Interest Point Extraction Toolkit},
  OPThowpublished = {},
  OPTmonth = 	 {},
  year = 	 {2010},
  note = 	 {\url{http://vireo.cs.cityu.edu.hk}},
  OPTannote = 	 {},
  OPTurl = {http://vireo.cs.cityu.edu.hk}
}

@misc{pascal-voc-2008,
	author = "Everingham, M. and Van~Gool, L. and Williams, C. K. I. and Winn, J. and Zisserman, A.",
	title = "The {PASCAL} {V}isual {O}bject {C}lasses {C}hallenge 2008 {(VOC2008)} {R}esults",
	howpublished = "http://www.pascal-network.org/challenges/VOC/voc2008/workshop/index.html"}	

@misc{pascal-voc-2010,
	author = "Everingham, M. and Van~Gool, L. and Williams, C. K. I. and Winn, J. and Zisserman, A.",
	title = "The {PASCAL} {V}isual {O}bject {C}lasses {C}hallenge 2010 {(VOC2010)} {R}esults",
        year = 	 {2010},
	howpublished = "http://www.pascal-network.org/challenges/VOC/voc2010/workshop/"}

@misc{pascal-voc-2012,
	author = "Everingham, M. and Van~Gool, L. and Williams, C. K. I. and Winn, J. and Zisserman, A.",
	title = "The {PASCAL} {V}isual {O}bject {C}lasses {C}hallenge 2012 {(VOC2012)} {R}esults",
        year = 	 {2012},
	howpublished = "http://www.pascal-network.org/challenges/VOC/voc2012/"}
		